@INPROCEEDINGS{Domino:2014,
author={Domino, S. },
booktitle={Center for Turbulence Research Summer Proceedings},
title={A comparison between low order and higher order low Mach discretization approaches},
year={2014}
}

@inproceedings{Domino:2014b,
  author={Domino, S.},
  title={Error Transport Equation (ETE) approaches for low Mach Large eddy simulations},
  publisher={Presentation at the Center for Turbuelnce Research 2014 Summer Program, Palo Alto, California, July 6 - August 4},
  year={2014}
}

@article{Lin:2015,
author = {Lin, P. and Bettencourt, M. and Domino, S. and Fisher, T. and Hoemann, M. and Hu, J. 
and Phipps, E. and Prokopenko, A. and Rajamanickam, S. and Siefert, C. and Kennon, S. },
title = {Towards extreme-scale simulations for low {M}ach fluids with second generation {T}rilinos},
journal = {Parallel Processing Letters},
volume = {24},
number = {4},
year = {2015},
doi  =  {10.1142/S0129626414420055}
}

@INPROCEEDINGS{Domino:2006,
author={Domino, S. },
booktitle={Center for Turbulence Research Summer Proceedings},
title={Towards verification of formal time accuracy for a 
  family of approximate projection methods using the method of manufactured 
  solutions},
year={2006}
}

@INPROCEEDINGS{Domino:2008,
author={Domino, S. },
booktitle={Center for Turbulence Research Summer Proceedings},
title={A comparison of various equal-order interpolation methodologies using the method of manufactured 
solutions},
year={2008}
}

@INPROCEEDINGS{Domino:2010,
author={Domino, S. },
booktitle={Center for Turbulence Research Summer Proceedings},
title={Towards verification of sliding mesh algorithms for complex applications using MMS},
year={2010}
}

@INPROCEEDINGS{Jasek:1996,
author={Jasek, H. },
booktitle={Ph.D. Thesis, Imperial College},
title={Error analysis and estimation for the finite volume menthod with applications to fluid flow},
year={1996}
}

@INPROCEEDINGS{Blades:2004,
author={Blades, E.},
booktitle={Ph.D. Thesis, Mississippi State},
title={A sliding-interface methid for unstready unstructured parallel flow simulations},
year={2004}
}


@article{Martinez:2005,
author = {Martinez, M.},
title = {Comparison of Galerkin and control volume finite element for advection-diffusion problems},
journal = {Int. J. Num. Meth. Fluids},
volume = {50},
number = {3},
pages = {347--376},
year = {2005}
}

@article{Shakib:1991,
author = {Shakib, F. and Hughes, T. J. R. and Zdenek, J.},
title = {A new finite element formulation for computational fluids dynamics: The compressible Euler and Navier Stokes equations},
journal = {Comp. Meth. in App. Mech and Engr.},
volume = {89},
pages = {141--219},
year = {1991}
}

@article{Schneider:1987,
author = {Schneider, G. and Raw, M.},
title = {Control volume finite element method for heat transfer and fluid flow using colocated variables 1},
journal = {Numerial Heat Transfer},
volume = {11},
number = {4},
pages = {363--390},
year = {1987}
}

@article{Rehm:1978,
      author={Rehm, R. G. and H. R. Baum},
      title={The Equations of Motion for Thermally Driven Buoyant Flows},
      journal={Journal of Research of the National Bureau of Standards},
      volume={83},
      pages={279},
      year={1978}
}

@techreport{Paolucci:1982,
      author={Paolucci, S.},
      title={On the Filtering of Sound Waves from the Navier-Stokes Equations},
      institution={Sandia National Laboratories, Livermore, CA},
      number={SAND-828257},
      month={December},
      year={1982}
}

@article{Mentor:2003,
      author={Menter, F. R. and Kuntz, M. and R. Langtry},
      title={Ten years of industrial experience with the SST turbulence model},
      journal={Turb, Heat and Mass Trans},
      year={2003}
}

@techreport{Tieszen:2005,
      author={Tieszen, S. and Domino, S. and Black, A.},
      title={Validation of a simple turbulence model suitable for closure of temporally-filtered Navier-Stokes equations using a helium plume},
      institution={Sandia National Laboratories, Albuquerque, NM},
      number={SAND-20053210},
      month={June},
      year={2005}
}

@article{Rogallo:1984,
      author={Rogallo, R. and Moin, P.},
      title={Numerical simulation of turbulent flows},
      journal={Annual Review of Fluid Mechanics},
      volume={16},
      year={1984},
      pages={99--137}
}

@INPROCEEDINGS{Ducros:1998,
author = {Ducors, F. and Nicoud, F. and Poinsot, T.},
title = {Wall-adapting local eddt-viscosity models for simulations in complex geometries},
journal = {International Conference on Computational Conference},
volume = {50},
year = {1998}
}

@INPROCEEDINGS{Davidson:1997,
author = {Davidson, L.},
title = {Large-eddy simulations: A note on the derivation of the equations for the subgrid turbulent kintic energies},
journal = {Chalmers University of Technology, Department of Thermo and Fluid Dynamics},
year = {1997}
}

@techreport{Edwards:2010,
      author={Edwards, H. and Williams, A. and Sjaardema, G. and Baur, D. and Cochran, W.},
      title={SIERRA Toolkit computational mesh computational model},
      institution={Sandia National Laboratories, Albuquerque, NM},
      number={SAND-20101192},
      year={2010}
}

@techreport{Heroux:2003,
      author={Heroux, M. and Bartlett, R. and Howle, V. and Hoekstra, R. and Hu, J. and Kolda, T. and Lehoucq, R. and Long, K. and Pawlowski, R. and Phipps, E. and Salinger, A. and Thornquist, J. and Tuminaro, R. and Willenbring, J. and Williams, A.},
      title={An overview of Trilinos},
      institution={Sandia National Laboratories, Albuquerque, NM},
      number={SAND-20032927},
      year={2003}
}


@unpublished{Vend:98,
      author={Venditti, D. A. and B. R. Baliga},
      title={An h-Adaptive Sstrategy for CVFEM simulations
                of viscous incompressible flow},
      note={Proc. 6th Annual Conference of the Computational Fluid Dynamics
            Society of Canada (CFD 98), pp. VIII-65--VIII-70, Quebec
            City, Canada, June 7-9},
      year={1998}
}

@article{Aftosmis:94,
      author={Aftosmis, M.},
      title={Upwind method for simulation of viscous
                flow on adaptively refined meshes},
      journal={AIAA Journal},
      volume={32},
      number={2},
      year={1994},
      pages={268--277}
}

@article{Mavriplis:00,
      author={Mavriplis, D. J.},
      title={Adaptive meshing techniques for viscous flow
                calculations on mixed element unstructured meshes},
      journal={International Journal for Numerical Methods in Fluids},
      volume={34},
      number={2},
      year={2000},
      pages={93--111}
}

@article{Kallinderis:89,
      author={Kallinderis, Y. G. and J. R. Baron},
      title={Adaptive methods for a new Navier-Stokes algorithm},
      journal={AIAA Journal},
      volume={27},
      number={1},
      year={1989},
      pages={37--43}
}

@article{Kallinderis:93,
      author={Kallinderis, Y. and P. Vijayan},
      title={Adaptive refinement-coarsening scheme for 
                three-dimensional unstructured meshes},
      journal={AIAA Journal},
      volume={31},
      number={8},
      year={1993},
      pages={1440--1447}
}

@article{Dyer:74,
      author={A. J. Dyer},
      title={A review of flux-profile relationships},
      journal={Boundary-Layer Meteorology},
      volume={7},
      pages={363--372},
      year={1974}
}

@article{Gerkema_etal:08,
      author={Gerkema, T. and Zimmerman, J. T. F. and Maas, L. R. M. and van Haren, H.},
      title={Geophysical and astrophysical fluid dynamics beyond the traditional approximation},
      journal={Reviews of Geophysics},
      volume={46},
      year={2008},
}
