@misc{ecpweb,
title = {Exascale Computing Project},
author = {{U.S. Department of Energy, DOE-SC, NNSA}},
howpublished = {\url{https://exascaleproject.org/exascale-computing-project/}},
note = {[Online; accessed 23 January 2017]}
}

@Misc{ecpappsweb,
  author =       {{Exascale Computing Project}},
  title =        {{ECP} Awards \$38.9M for Application Development},
  howpublished = {\url{https://exascaleproject.org/2016/09/07/ecp-awards-34m-for-application-development/}},
  month =        {September 7},
  year =         {2016},
  note =         {[Online; accessed 23 January 2017]},
}

@TechReport{SpragueBFGGM:2017,
  author =       {M.~A.~Sprague and S.~Boldyrev and P.~Fischer and R.~Grout and W. I. Gustafson and R. Moser},
  title =        {Turbulent Flow Simulations at Exascale: Opportunities and Challenges Workshop},
  year =         {2015},
  number =       {NREL/TP-2C00-67648},
  address =      {Washington, D.C.},
  month =        {August 4-5},
}

@misc{a2eweb,
      title = {A2e: Atmosphere to Electrons},
      author = {{U.S.\ Department of Energy, EERE}},
      howpublished = {\url{https://a2e.energy.gov}},
      note = {[Online; accessed 23 January 2017]}
}
@misc{dapweb,
      title = {A2e: Data Archive and Portal},
      author = {{U.S.\ Department of Energy, EERE}},
      howpublished = {\url{https://a2e.energy.gov/about/dap}},
      note = {[Online; accessed 23 January 2017]}
}
@techreport{dappnnl:2014,
   title = {Data Archive and Portal Thrust Area Strategy Report},
   institution = {Pacific Northwest National Laboratory},
   number = {PNNL-23718},
   year =  2014,
   month = {September}
}
@techreport{A2e:2015,
   author = {S. W. Hammond and M. A. Sprague and D. Womble and M. Barone},
   title = {{A2e High Fidelity Modeling: Strategic Planning Meetings}},
   institution = {National Renewable Energy Laboratory},
   number = {NREL/TP-2C00-64697},
   year =  2015,
}
@misc{spack,
      title = {Spack: A flexible package manager},
      author = {Lawrence Livermore National Laboratory},
      howpublished = {\url{https://github.com/LLNL/spack}},
      note = {[Online; accessed 16 May 2016]}
}
@misc{docker,
      title = {Docker: Build, Ship, Run},
      author = {Docker},
      howpublished = {\url{https://www.docker.com}},
      note = {[Online; accessed 16 May 2016]}
}

@techreport{Agelastos-Lin:2013,
   author = {A. Agelastos and P. Lin},
   title = {Simulation information regarding Sandia National Laboratories' Trinity Capability Improvement Metric},
   institution = {Sandia National Laboratories},
   number = {SAND2013-8747},
   year =  2013,
}

@techreport{Hills-etal:2015b,
   author = {R. Hills and D. G. Maniaci and J. Naughton},
   title = {{V\&V} Framework},
   institution = {Sandia National Laboratories},
   number = {SAND2015-7455},
   year =  2015,
}

@techreport{Hills-etal:2015,
   author = {R. Hills and D. G. Maniaci and J. Naughton},
   title = {V\&V Framework Part 1 Release},
   institution = {Sandia National Laboratories},
   number = {SAND--2015-0840R},
   year =  2015,
}

@Article{Perot,
  author = "J. Blair Perot and J.\ Gadebusch",
  title = "A self-adapting turbulence model for flow simulation at any mesh resolution",
  journal = "Physics of Fluids",
  volume = "19",
  year = "2007",
}


@Article{durbin,
  author = "P.A. Durbin",
  title = "Separated flow computations with the $k-\epsilon-\nu^2$ model",
  journal = "AIAA Journal",
  volume = "33",
  number = "4",
  pages = "659-664",
  year = "1995",
}

@PhdThesis{sigfriedthesis,
  author = 	 {Sigfried W. Haering},
  title = 	 {Anisotropic hybrid turbulence modeling with specific application to the
simulation of pulse-actuated dynamic stall control},
  school = 	 {University of Texas at Austin},
  year = 	 2015}


@techreport{otahal:2016,
   author = {A. Bauer and J. Mauldin and T. Otahal and R. Shaw},
   title = {\textit{In situ} visualization with ParaView Catalyst },
   institution = {Sandia National Laboratories},
   number = {SAND2016-3887 C},
   year =  2016,
}

@techreport{snlSQA:2006,
   author = {E. Boucheron and R. Drake and H. C. Edwards and C. Forsythe and P. Hackney and R. Heaphy and A. Hodges and M. Minana and C. Pavlakos and J. Schofield and J. Sturtevant},
   title = {Simulation and Computing {(ASC)} Software Quality Plan Part 1: {ASC} Software Quality Engineering Practices},
   institution = {Sandia National Laboratories},
   number = {SAND2006-5998},
   year =  2006,
}

@techreport{edwards:2010,
   author = {H. C. Edwards and A. Williams and G. Sjaardema and D. Baur and W. Cochrant},
   title = {SIERRA Toolkit computational mesh computational model},
   institution = {Sandia National Laboratories},
   number = {SAND2010-1192},
   year =  2010,
}

@techreport{heroux:2003,
   author = {M. Heroux and R. Bartlett and V. Howle and R. Hoekstra and J. Hu and T. Kolda and R. Lehoucq and K. Long and R. Pawlowski
   and E. Phipps and A. Salinger and H. Thornquist and R. Tuminaro and J. Willenbring and A. Williams},
   title = {An overview of {Trilinos}},
   institution = {Sandia National Laboratories},
   number = {SAND2003-2927},
   year =  2003,
}

@article{Calaf-etal:2010,
  author = "M. Calaf and C. Meneveau and J. Meyers",
   title = "Large-eddy simulation study of fully developed wind-turbine array boundary layers",
 journal = "Physics of Fluids",
  volume = "22",
    year = "2010",
   pages = "015110"
}
@techreport{Churchfield-Sprague:2015,
      author = {M. J. Churchfield and M. A. Sprague},
       title = {Exascale Computing and Wind Energy},
 institution = {DOE ASCR Turbulent Flow Simulation at the Exascale: Opportunities and Challenges Workshop},
        year = {2015},
       note = {White paper},
        url = {https://www.orau.gov/turbulentflow2015/whitepapers/Churchfield-Sprague.pdf}
}
@techreport{Sprague-etal:2015,
      author = {M. Sprague and S. Hammond and D. Womble and M. Barone},
       title = {The Atmosphere to Electrons {(A2e)} Initiative, Wind Plant Simulations, and Exascale Computing},
 institution = {DOE ASCR Turbulent Flow Simulation at the Exascale: Opportunities and Challenges Workshop},
        year = {2015},
       note = {White paper},
        url = {https://www.orau.gov/turbulentflow2015/whitepapers/Sprague_Michael.pdf}
}
@techreport{Haupt-etal:2016,
      author = {S. Haupt and A. Anderson and L. Berg and B. Brown and M. Churchfield and C. Draxl and B. Ennis and Y. Feng and B. Kosovic and R. Kotamarthi and R. Linn and J. Mirocha and P. Moriarty and D. Munoz-Esparza and R. Rai and W. Shaw},
       title = {First Year Report on the {A2e} Mesoscale to Microscale Coupling Project},
 institution = {Pacific Northwest National Laboratory},
        year = {2015},
				number = {PNNL-25108}
}



@Article{Langtry:2009,
  author = "R. Langtry and F. Menter",
  title = "Correlation-Based Transition Modeling for Unstructured Parallelized Computational Fluid Dynamics Codes",
  journal = "AIAA Journal",
  volume = "47",
	number = "12",
  year = "2009",
	pages = "2894--2906"
}

@article{Kosovic.1997.A,
  author = "B. Kosovi{\'c}",
   title = "Subgrid-scale Modelling for the Large-Eddy Simulation of High-{Reynolds}-Number Boundary Layers",
 journal = "Journal of Fluid Mechanics",
  volume = "336",
    year = "1997",
   pages = "151--182"}

@article{Sullivan.1994.A,
  author = "P. P. Sullivan and J. C. McWilliams and C.-H. Moeng",
   title = "A Subgrid-Scale Model for Large-Eddy Simulation of Planetary Boundary-Layer Flows",
 journal = "Boundary-Layer Meteorology",
  volume = "71",
    year = "1994",
   pages = "247--276"} 

@article{Moeng.1984.A,
  author = "C.-H. Moeng",
   title = "A Large-Eddy Simulation Model for the Study of Planetary Boundary Layer Turbulence",
 journal = "Journal of the Atmospheric Sciences",
  volume = "41",
  number = "13",
   pages = "2052--2062",
   month = "July",
    year = "1984"}


@Article{Bou-Zeid.2005.A,
  author = "E. Bou-Zeid and C. Meneveau and M. Parlange",
   title = "A Scale-Dependent {Lagrangian} Dynamic Model for Large-Eddy Simulation of Complex Turbulent Flows",
 journal = "Physics of Fluids",
  volume = "17",
   pages = "025105",
    year = "2005"}



@Article{Menter:2010,
  author = "F. Menter and Y. Egorov",
  title = "The Scale-Adaptive Simulation Method for Unsteady Turbulent Flow Predictions. Part I: Theory and Model Description",
  journal = "Flow Turbulence and Combustion",
  volume = "85",
  year = "2010",
	pages = "113--138"
}

@inproceedings{Churchfield-etal:2012,
      author = "M. J. Churchfield and S. Lee and P. J. Moriarty and L.~A. Mart\'{i}nez and S. Leonardi and G. Vijayakumar and J. G. Brasseur",
       title = "A Large-Eddy Simulation of Wind-Plant Aerodynamics",
   booktitle = "50th AIAA Aerospace Sciences Meeting including the New Horizons Forum and Aerospace Exposition, Nashville, TN, Jan.~9--12, 2012", publisher = "AIAA, Washington D.C.",
        number = "AIAA Paper 2012-537",
        year = "2012",
        url = {http://www.nrel.gov/docs/fy12osti/53554.pdf}
}
@inproceedings{Churchfield-etal:2015,
  author = {M. J. Churchfield and S. Lee and P. J. Moriarty and Y. Hao and M. A. Lackner and R. Barthelmie and J. K. Lundquist and G. Oxley},
  title = {A Comparison of the Dynamic Wake Meandering Model, Large-Eddy Simulation, and Field Data at the {Egmond} aan {Zee} Offshore Wind Plant},
  booktitle = "33rd Wind Energy Symposium, AIAA SciTech", 
  publisher = "AIAA, Washington D.C.",
  number = "AIAA Paper 2012-537",
  year = "2015",
  doi = {10.2514/6.2015-0724},
  url = {ttp://www.nrel.gov/docs/fy12osti/53554.pdf}
}
@manual{complexflow:2012,
   title = {Complex Flow Workshop Report},
   organization = {U.S.\ Department of Energy, Energy Efficiency and Renewable Energy, Wind Program},
   month = {January},
   year = 2012,
   url = {http://energy.gov/sites/prod/files/2013/12/f5/complex_flow_workshop_report.pdf}
}
@inproceedings{Domino:2010,
    author  = {S. Domino},
    title   = {Towards verification of sliding mesh algorithms for complex applications using {MMS}},
    year    = {2010},
    booktitle = {Studying Turbulence Using Numerical Simulation Databases - XIII},
    editor  = {Parviz Moin and Johan Larsson and Nagi Mansour},
    pages   = {167--182},
    organization = {Stanford Center for Turbulence Research},
}
@inproceedings{Domino:2014,
    author  = {S. Domino},
    title   = {A comparison between low-order and higher-order low-{M}ach discretization approaches},
    year    = {2014},
    booktitle = {Studying Turbulence Using Numerical Simulation Databases - XV},
    editor  = {Parviz Moin and Javier Urzay},
    pages   = {387-396},
    organization = {Stanford Center for Turbulence Research},
}
@misc{Domino:2016,
      author = {S. Domino},
      title = {Github: {NaluCFD/Nalu}},
      howpublished = "\url {https://github.com/NaluCFD/Nalu}",
      note = "[Online; accessed 21 Sept. 2017]"
}
@techreport{BandD:2016,
   author = {S. Domino and M. Barone},
   title = {Wind turbine blade wall-resolved {LES}: {T}rinity Phase 1 Open Science Period},
   institution = {Sandia National Laboratories},
   number = {SAND2016-4085C},
   year =  2016,
}
@techreport{moreland:2016,
      author = {K. Moreland},
       title = {{VTK}\-m},
 institution = {Sandia National Laboratories},
        year = {2015},
       note = {ECP White paper},
        url = {http://m.vtk.org/}
}
@techreport{LofsteadUlmer:2015,
      author = {J. Lofstead and C. Ulmer},
       title = {A Multiuse Communication Engine for Exascale Data Services},
 institution = {Sandia National Laboratories},
        year = {2015},
       note = {ECP White paper},
}

@misc{Dongarra-etal:2014,
   author = {J. Dongarra and J. Hittinger and J. Bell and L. Chacon and R. Falgout and M. Heroux and P. Hovland and  E. Ng and  C. Webster and S. Wild},
   title = {Applied  mathematics  research  for  exascale computing},
   note = {US Department of Energy Report},
   year =  2014,
   month = {March},
   howpublished = {\url{http://science.energy.gov/~/media/ascr/pdf/research/am/docs/EMWGreport.pdf}}
}
@article{Fitch-etal:2012,
  author = {A. C. Fitch and J. B. Olson and J. K. Lundquist and J. K. Dudhia, and A. K. Gupta and J. Michalakes, and I. Barstad},
   title = {Local and mesoscale impacts of wind farms as parameterized in a mesoscale NWP model},
 journal = {Monthly Weather Review},
  volume = 40,
    year = 2012,
   pages = {3017--3038}
}
@article{Fitch-etal:2013,
  author = {A. C. Fitch and J. B. Olson and J. K. Lundquist},
   title = {Parameterization of Wind Farms in Climate Models},
 journal = {Journal of Climate},
  volume = 26,
    year = 2013,
   pages = {6439--6458},
   doi = {10.1175/JCLI-D-12-00376.1}
}
@article{Fleming-etal:2015,
  author = {P. Fleming and P.M.O. Gebraad and S. Lee and J.-W. van Wingerden and K. Johnson and M. Churchfield
and J. Michalakes and P. Spalart and P. Moriarty},
   title = {Simulation Comparison of Wake Mitigation Control Strategies for a Two-Turbine Case},
 journal = {Wind Energy},
  volume = 18,
    year = 2015,
   pages = {2135--2143},
   doi = {10.1002/we.1810}
}
@article{Johansen-etal:2002,
  author = {J. Johansen and N. N. S{\o}rensen and J. A. Michelsen and S. Schreck},
   title = {Detached-Eddy Simulation of Flow Around the {NREL} {Phase} {VI} Blade},
 journal = {Wind Energy},
  volume = 5,
    year = 2002,
   pages = {185--197},
   doi = {10.1002/we.63}
}
@inproceedings{Jonkman:2013,
    author  = "Jason M. Jonkman",
    title   = "The new modularization framework for the FAST wind turbine CAE   tool",
    month = "January",
    year    = "2013",
    booktitle = "Proceedings of the 51st AIAA Aerospace Sciences Meeting        including the New Horizons Forum and Aerospace Exposition",
    address = "Grapevine, Texas"
}
@inproceedings{Lee-etal:2012,
    author  = {S. Lee and M. Churchfield and P. Moriarty and J. Jonkman and J. Michalakes},
    title   = {Atmospheric and Wake Turbulence Impacts on Wind Turbine Fatigue Loadings},
    month = {January},
    year    = {2012},
    booktitle = {Proceedings of the 50th AIAA Aerospace Sciences Meeting},
    address = {Nashville, TN}
}
@article{Li-etal:2012,
  author = {Y. Li and K.-J. Paik and T. Xing and P. M. Carrica},
   title = {Dynamic overset {CFD} simulations of wind turbine aerodynamics},
 journal = {Renewable Energy},
  volume = 37,
    year = 2012,
   pages = {285--298}
}
@article{Li-etal:2015,
  author = {Y. Li and A. M. Castro and T. Sinokrot and W. Prescott and P. M. Carrica},
   title = {Coupled multi-body dynamics and {CFD} for wind turbine simulation
including explicit wind turbulence},
 journal = {Renewable Energy},
  volume = 76,
    year = 2015,
   pages = {338-361}
}
@article{Lin-etal:2014,
  author = {Paul Lin and Matthew Bettencourt and Stefan Domino and Travis Fisher and Mark Hoemmen and Jonathan Hu and Eric
  Phipps and Andrey Prokopenko and Sivasankaran Rajamanickam and Christopher Siefert and Stephen Kennon},
   title = {Towards Extreme-Scale Simulations for Low {M}ach Fluids with Second-Generation {T}rilinos},
 journal = {Parallel Processing Letters},
  volume = {24},
  number = {4},
    year = {2014},
   month = {December},
   pages = {1442005},
   doi = {10.1142/S0129626414420055}
}
@article{Hsu-Bazilevs:2012,
  author = {M.-C. Hsu and Y. Bazilevs},
   title = {Fluid-structure interaction modeling of wind turbines: simulating the full machine},
 journal = {Computational Mechanics},
  volume = 50,
    year = 2012,
   pages = {821-833}
}
@article{Munoz-Esparza-etal:2015,
   title =   {Bridging the Transition from Mesoscale to Microscale Turbulence in Numerical Weather Prediction Models},
   author = {D. Mu{\~n}oz-Esparza and B. Kosovi\'c and J. Mirocha and J. van Beeck},
   journal = {Boundary-Layer Meteorology},
   year =  2015,
   pages = {409--440},
   volume = 153
}
@article{Nakayama-etal:2012,
   title =   {Large-eddy simulation of urban boundary-layer flows by generating turbulent inflows from mesoscale meteorological simulations},
   author = {H. Nakayama and T. Takemi adn H. Nagai},
   journal = {Atmospheric Science Letters},
   year =  2012,
   pages = {180--186},
   volume = 13,
   doi = {10.1002/asl.377}
}
@article{Lu-Porte-Agel:2011,
   title = {Large-eddy simulation of a very large wind farm in a stable atmospheric boundary layer},
   author =  {H. Lu and F. Port\'e-Agel},
   journal = {Physics of Fluids},
   year =  2011,
   volume = 23,
   doi = {10.1063/1.3589857}
}
@inproceedings{Peet-etal:2013,
   author = {Y. Peet and P. Fischer and G. Conzelmann and V. Kotamarhi},
   title = {Actuator Line Aerodynamics Model with Spectral Elements},
   booktitle = {Proceedings of the 51st AIAA Aerospace Sciences Meeting},
   address = {Grapevine, TX},
   month = {January},
   year =  2013
}
@misc{peregrine,
      title = {Peregrine -- {NREL} High Performance Computing},
      howpublished = {\url{https://hpc.nrel.gov/users/systems/peregrine}},
      note = {[Online; accessed 1 April 2016]}
}
@inproceedings{Sitaraman-etal:2014,
   author = {J. Sitaraman and D. Mavriplis and E. P. Duque},
   title =   {Wind Farm Simulations Using a Full Rotor Model for Wind Turbines},
   booktitle = {Proceedings of the AIAA SciTech 2014 Meeting},
   address = {National Harbor, MD},
   year =  2014,
}
@article{Sorensen-Shen:2002,
   title = {Numerical modeling of wind turbine wakes},
   author =   {J. N. S{\o}rensen and W. Z. Shen},
   journal = {Journal of Fluids Engineering},
   year =  2002,
   pages = {393--399},
   volume = 124,
}
@article{Spalart:2009,
  title={Detached-Eddy Simulation},
  author={P. R. Spalart},
  journal={Annual Review of Fluid Mechanics},
  volume={41},
  pages={181--202},
  year={2009},
  doi = {10.1146/annurev.fluid.010908.165130}
}
@inproceedings{Sprague-etal:2011,
   author = {M. A. Sprague and P. J. Moriarty and M. J. Churchfield and K.
Gruchalla and S. Lee and J.K. Lundquist and J. Michalakes and A.
Purkayastha},
   title =   {Computational modeling of wind-plant aerodynamics},
   booktitle = {Proceedings of SciDAC 2011},
   year =  2011,
}
@article{Troldborg-etal:2007,
  title = {Actuator Line Simulation of Wake of Wind Turbine Operating in Turbulent Inflow
},
  author =   {N. Troldborg and J. N. S{\o}rensen and R. Mikkelsen},
  journal={Journal of Physics: Conference Series},
  volume={75},
  pages={012063},
  year={2007},
  doi = {10.1088/1742-6596/75/1/012063}
}
@unpublished{Trott:2016,
    author = {C. Trott},
    title = {Nalu Assembly - Prototyping the {NGP} Transition},
    note = {Presentation for the Joint Working Group-34 Applied Computer Science Meeting; Los Alamos National Laboratory},
    year = 2016,
    month = {February}
}

@inproceedings{Wang-etal:2015,
    author  = {Q. Wang and M. A. Sprague and J. Jonkman and N. Johnson},
    title   ={BeamDyn: A high-fidelity wind turbine blade sovler in the {FAST}
modular framework},
    year    = "2015",
    booktitle = "Proceedings of SciTech 2015",
    address = {Kissimmee, Florida},
    note = {also published as NREL tech.\ report  NREL/CP-5000-63165}
}
@misc{Wichmann-etal:2016,
      author = {N. Wichmann and C. Nuss and P. Carrier and R. Olson and S. Anderson and M. David},
      title = {Performance on {Trinity} (a {Cray} {XC40}) with Acceptance-Applications and Benchmarks},
      note = {Abstract submitted to the 2016 Cray User Group Meeting},
      year = 2016
}
@manual{wind-energy:2015,
   title = {Wind Vision: A New Era for Wind Power in the United States},
   organization = {U.S. Department of Energy, {DOE/GO-102015-4557}},
   month = {April},
   year =  2015,
   url = {http://www.nrel.gov/docs/fy12osti/53554.pdf}
}
@article{Xie:2011,
   title =   {Modelling Street-Scale Flow and Dispersion in Realistic Winds—Towards Coupling with Mesoscale Meteorological Models},
   author = {Z.-T. Xie},
   journal = {Boundary-Layer Meteorology},
   year =  2011,
   volume = 141,
   pages={52--75},
   doi = {10.1007/s10546-011-9629-x}
}
@misc{FASTwebsite,
      author = {J. Jonkman and B. Jonkman},
      title = {FAST v8},
      howpublished = {\url {https://nwtc.nrel.gov/FAST8}},
      month = {October},
      year = {2015},
      note = {[Online; accessed 29 March 2016]}
}
@misc{sowfawebsite,
      author = {M. Churchfield and S. Lee},
      title = {{SOWFA}},
      howpublished = {\url{https://nwtc.nrel.gov/SOWFA}},
      month = {March},
      year = {2015},
      note = {[Online; accessed 21 June 2017]}
}
@misc{nsci,
      title = {Executive Order -- Creating a National Strategic Computing Initiative},
      howpublished = {\url{https://www.whitehouse.gov/the-press-office/2015/07/29/executive-order-creating-national-strategic-computing-initiative}},
      month = {July},
      year = {2015},
      note = {[Online; accessed 1 April 2016]}
}
@misc{trilinoswebsite,
      title = {{The {Trilinos} {Project}}},
      howpublished = {\url{https://trilinos.org}},
      year = {2016},
      note = {[Online; accessed 9 February 2016]}
}
@misc{intelSimdWebsite,
      title = {{Intel} {Intrinsics} {Guide}},
      howpublished={\url{https://software.intel.com/sites/landingpage/IntrinsicsGuide}},
      year = {2016},
      note = {[Online; accessed 20 Sept. 2017]}
}

@misc{intelVtuneWebsite,
      title = {{Intel} {Vtune} {Amplifier}},
      howpublished={\url{https://software.intel.com/en-us/vtune-amplifier-help-introduction}},
      year = {2017},
      note = {[Online; accessed 20 Sept. 2017]}
}

@misc{ascr_turbflow,
      title = {Turbulent Flow Simulation at the Exascale: Opportunities and Challenges Workshop},
      howpublished = {\url{https://www.orau.gov/turbulentflow2015/}},
      year = {2015},
      month = {August},
      note = {[Online; accessed 1 April 2016]}
}
@article{Yang-etal:2014,
   title =   {Large-eddy simulation of turbulent flow past wind
turbines/farms: the Virtual Wind Simulator {(VWiS)}},
   author = {X. Yang and F. Sotiropoulos and R. J. Conzemius and J. N.
Wachtler and M. B. Strong},
   journal = {Wind Energy},
   year =  2014,
   doi = {10.1002/we.1802}
}
@article{Zahle-etal:2009,
   title =   {Wind Turbine Rotor-Tower Interaction Using an Incompressible Overset Grid Method},
   author = {F. Zahle and N. N. S{\o}rensen and J. Johansen},
   journal = {Wind Energy},
   year =  2009,
   pages = {594-619},
   volume = {12},
   doi = {10.1002/we.327}
}
@misc{MueLuURL,
author = {Jonathan J. Hu and Andrey Prokopenko and Christopher M. Siefert and Raymond S. Tuminaro and Tobias A. Wiesner},
title = {{M}ue{L}u multigrid framework},
howpublished = {\url{http://trilinos.org/packages/muelu}},
year = {2014}
}

@techreport{NaluTheory,
   author = {Stefan Domino},
   title = {Sierra Low {M}ach Module: {N}alu Theory Manual -- Version 1.0},
   institution = {Sandia National Laboratories},
   number = {SAND2015-3107W},
   year =  2015,
   howpublished = {\url{https://github.com/spdomin/NaluDoc}},
}

@techreport{exodusii,
   author = {Larry A. Schoof and Victor R. Yarberry},
   title = {Exodus{II}: A Finite Element Data Model},
   institution = {Sandia National Laboratories},
   number = {SAND92-2137},
   year =  1994
}

@techreport{berzin:2015,
   author = {Martin Berzins},
   title = {DAG-based runtime systems: a {Uintah} perspective},
   institution = {University of Utah Computer Science Department},
   year =  2015,
   howpublished = {\url{http://www.orau.gov/runtimesys2015/presentations/berzins_m01.pdf}},
}

@article{tpetra,
  title={Tpetra, and the use of generic programming in scientific computing},
  author={Baker, Christopher G and Heroux, Michael A},
  journal={Scientific Programming},
  volume={20},
  number={2},
  pages={115--128},
  year={2012},
  publisher={IOS Press}
}

@article{belos,
  title={Amesos2 and Belos: Direct and iterative solvers for large sparse linear systems},
  author={Bavier, Eric and Hoemmen, Mark and Rajamanickam, Sivasankaran and Thornquist, Heidi},
  journal={Scientific Programming},
  volume={20},
  number={3},
  pages={241--255},
  year={2012},
  publisher={Hindawi Publishing Corporation}
}

@article{kokkos,
  title={Kokkos: Enabling manycore performance portability through polymorphic memory access patterns},
  author={Edwards, H Carter and Trott, Christian R and Sunderland, Daniel},
  journal={Journal of Parallel and Distributed Computing},
  volume={74},
  number={12},
  pages={3202--3216},
  year={2014},
  publisher={Elsevier}
}

@inproceedings{shylu,
  title={ShyLU: A hybrid-hybrid solver for multicore platforms},
  author={Rajamanickam, Sivasankaran and Boman, Erik G and Heroux, Michael A},
  booktitle={Parallel \& Distributed Processing Symposium (IPDPS), 2012 IEEE 26th International},
  pages={631--643},
  year={2012},
  organization={IEEE}
}

@article{guermond:2011,
   title =   {Entropy viscosity method for nonlinear conservation laws},
   author = {J. Guermond and R. Pasquetti and B. Popov},
   journal = {J. Comp Phys},
   year =  2011,
   pages = {4248-4267},
   volume = {230},
   doi = {10.1016/j.jcp.2010.11.043}
}

@TechReport{McAlister1991,
  author =       {McAlister, K.~W. and Takahashi, R.~K.},
  title =        {NACA 0015 Wing Pressure and Trailing Vortex Measurements},
  institution =  {NASA},
  year =         {1991},
  number =       {NASA TP-3151},
}


@TechReport{STKManual,
  author =       {Edwards,~H.~C. and Williams,~A. and Sjaardema,~G.~D. and Baur,~D.~G. and Cochran, W. K},
  title =        {Sierra Toolkit Computational Mesh Model},
  institution = {Sandia National Laboratories},
  year = 2010,
  number = {SAND2010-1192}
}

@ARTICLE{schneider1986,
      author = "Schneider, G. and Raw, M.",
       title = "A skewed, positive influence coefficient upwinding procedure for control-volume-based finite-element convection-diffusion computation",
     journal = "Num. Heat Trans.",
        year = "1986",
      volume = "9",
       pages = "1--26"
}
